<record><leader>00000cas a22000007a 4500</leader><controlfield tag="001">12737194</controlfield><controlfield tag="008">851030d18301831pauwr ne      0    0eng d</controlfield><controlfield tag="009">5601</controlfield><datafield ind1=" " ind2=" " tag="010"><subfield code="a">sn 86071301 </subfield></datafield><datafield ind1=" " ind2=" " tag="040"><subfield code="a">NPH</subfield><subfield code="b">eng</subfield><subfield code="c">NPH</subfield><subfield code="d">DLC</subfield><subfield code="d">NPX</subfield><subfield code="d">CNK</subfield></datafield><datafield ind1="1" ind2=" " tag="029"><subfield code="a">AU@</subfield><subfield code="b">000025834043</subfield></datafield><datafield ind1=" " ind2=" " tag="042"><subfield code="a">msc</subfield></datafield><datafield ind1="0" ind2="0" tag="050"><subfield code="a">Newspaper 9395</subfield></datafield><datafield ind1="0" ind2="0" tag="245"><subfield code="a">Carlisle Republican, and farmers' and mechanics' gazette.</subfield></datafield><datafield ind1=" " ind2=" " tag="260"><subfield code="a">Carlisle [Pa.] :</subfield><subfield code="b">J. Crever &amp; T.C. Wightman,</subfield><subfield code="c">1830-1831.</subfield></datafield><datafield ind1=" " ind2=" " tag="300"><subfield code="a">2 v. ;</subfield><subfield code="c">50 cm.</subfield></datafield><datafield ind1=" " ind2=" " tag="310"><subfield code="a">Weekly</subfield></datafield><datafield ind1="0" ind2=" " tag="362"><subfield code="a">Vol. 1, no. 1 (Jan. 21, 1830)-v. 2, no. 3 (Feb. 10, 1831).</subfield></datafield><datafield ind1=" " ind2=" " tag="752"><subfield code="a">United States</subfield><subfield code="b">Pennsylvania</subfield><subfield code="c">Cumberland</subfield><subfield code="d">Carlisle.</subfield></datafield><datafield ind1="0" ind2="4" tag="780"><subfield code="t">Democratic Republican, and agricultural register</subfield><subfield code="w">(DLC)sn 86071300</subfield></datafield><datafield ind1="0" ind2="4" tag="780"><subfield code="t">Carlisle gazette (Carlisle, Pa. : 1823)</subfield><subfield code="w">(DLC)sn 84025767</subfield></datafield><datafield ind1="0" ind2="0" tag="785"><subfield code="t">Carlisle Republican (Carlisle, Pa. : 1831)</subfield><subfield code="w">(DLC)sn 86071302</subfield></datafield></record>